@book{budinich-dispensa-nn21,
	title={Introduzione alla Teoria delle Reti Neurali},
	author={Marco Budinich},
	year = 2016
}


@book{deep-learning,
    title={Deep Learning},
    author={Ian Goodfellow and Yoshua Bengio and Aaron Courville},
    publisher={MIT Press},
    year={2016}
}


@book{bishop-2006,
	author = {Bishop, Christopher M.},
	title = {Pattern Recognition and Machine Learning},
	year = {2006},
	isbn = {0387310738},
	publisher = {Springer-Verlag},
}


@book{hastie-tibshirani,
	added-at = {2008-05-16T16:17:42.000+0200},
	address = {New York, NY, USA},
	author = {Hastie, Trevor and Tibshirani, Robert and Friedman, Jerome},
	interhash = {d585aea274f2b9b228fc1629bc273644},
	intrahash = {f58afc5c9793fcc8ad8389824e57984c},
	keywords = {ml statistics},
	publisher = {Springer New York Inc.},
	series = {Springer Series in Statistics},
	title = {The Elements of Statistical Learning},
	year = 2009
}


@book{efron-casi,
	author = {Efron, Bradley and Hastie, Trevor},
	title = {Computer Age Statistical Inference: Algorithms, Evidence, and Data Science},
	year = {2016},
	isbn = {1107149894},
	publisher = {Cambridge University Press},
	address = {USA},
	edition = {1st}
}


@article{bengio-pretraining,
	author = {Erhan, Dumitru and Bengio, Yoshua and Courville, Aaron and Manzagol, Pierre-Antoine and Vincent, Pascal and Bengio, Samy},
	title = {Why Does Unsupervised Pre-Training Help Deep Learning?},
	year = {2010},
	issue_date = {March 2010},
	publisher = {JMLR.org},
	volume = {11},
	issn = {1532-4435},
	journal = {J. Mach. Learn. Res.},
	month = mar,
	pages = {625–660},
	numpages = {36}
}

@inproceedings{madry-tsipras,
	author    = {Aleksander Madry and
	Aleksandar Makelov and
	Ludwig Schmidt and
	Dimitris Tsipras and
	Adrian Vladu},
	title     = {Towards Deep Learning Models Resistant to Adversarial Attacks},
	booktitle = {6th International Conference on Learning Representations, {ICLR} 2018,
	Vancouver, BC, Canada, April 30 - May 3, 2018, Conference Track Proceedings},
	year      = {2018},
}


@misc{bortolussi2018intrinsic,
	title={Intrinsic Geometric Vulnerability of High-Dimensional Artificial Intelligence},
	author={Luca Bortolussi and Guido Sanguinetti},
	year={2018},
	eprint={1811.03571},
	archivePrefix={arXiv},
	primaryClass={cs.LG}
}


@misc{howard-gugger,
	title = {AdamW and Super-convergence is now the fastest way to train neural nets},
	author={Sylvain Gugger and Jeremy Howard},
	url={https://www.fast.ai/2018/07/02/adam-weight-decay/},
	note = {Accessed: 2020-04-16}
}


@article{Carlini_2017,
	title={Towards Evaluating the Robustness of Neural Networks},
	ISBN={9781509055333},
	url={http://dx.doi.org/10.1109/SP.2017.49},
	DOI={10.1109/sp.2017.49},
	journal={2017 IEEE Symposium on Security and Privacy (SP)},
	publisher={IEEE},
	author={Carlini, Nicholas and Wagner, David},
	year={2017},
	month={May}
}


@misc{dube2018high,
	title={High Dimensional Spaces, Deep Learning and Adversarial Examples},
	author={Simant Dube},
	year={2018},
	eprint={1801.00634},
	archivePrefix={arXiv},
	primaryClass={cs.CV}
}

@InProceedings{Fawzi_2018_CVPR,
	author = {Fawzi, Alhussein and Moosavi-Dezfooli, Seyed-Mohsen and Frossard, Pascal and Soatto, Stefano},
	title = {Empirical Study of the Topology and Geometry of Deep Networks},
	booktitle = {The IEEE Conference on Computer Vision and Pattern Recognition (CVPR)},
	month = {June},
	year = {2018}
}


@misc{dfellow2014generative,
	title={Generative Adversarial Networks},
	author={Ian J. Goodfellow and Jean Pouget-Abadie and Mehdi Mirza and Bing Xu and David Warde-Farley and Sherjil Ozair and Aaron Courville and Yoshua Bengio},
	year={2014},
	eprint={1406.2661},
	archivePrefix={arXiv},
	primaryClass={stat.ML}
}


@misc{khoury2018geometry,
	title={On the Geometry of Adversarial Examples},
	author={Marc Khoury and Dylan Hadfield-Menell},
	year={2018},
	eprint={1811.00525},
	archivePrefix={arXiv},
	primaryClass={cs.LG}
}


@misc{kurakin2016adversarial,
	title={Adversarial Machine Learning at Scale},
	author={Alexey Kurakin and Ian Goodfellow and Samy Bengio},
	year={2016},
	eprint={1611.01236},
	archivePrefix={arXiv},
	primaryClass={cs.CV}
}


@article{Engstrom_2019,
	title={A Discussion of “Adversarial Examples Are Not Bugs, They Are Features”},
	volume={4},
	ISSN={2476-0757},
	url={http://dx.doi.org/10.23915/distill.00019},
	DOI={10.23915/distill.00019},
	number={8},
	journal={Distill},
	publisher={Distill Working Group},
	author={Engstrom, Logan and Gilmer, Justin and Goh, Gabriel and Hendrycks, Dan and Ilyas, Andrew and Madry, Aleksander and Nakano, Reiichiro and Nakkiran, Preetum and Santurkar, Shibani and Tran, Brandon and et al.},
	year={2019},
	month={Aug}
}


@misc{gaier2019weight,
	title={Weight Agnostic Neural Networks},
	author={Adam Gaier and David Ha},
	year={2019},
	eprint={1906.04358},
	archivePrefix={arXiv},
	primaryClass={cs.LG}
}


@article{rosenblatt1958perceptron,
	added-at = {2017-07-19T15:29:59.000+0200},
	author = {Rosenblatt, F.},
	citeulike-article-id = {13697582},
	citeulike-linkout-0 = {http://dx.doi.org/10.1037/h0042519},
	doi = {10.1037/h0042519},
	journal = {Psychological Review},
	number = 6,
	pages = {386--408},
	posted-at = {2016-05-02 20:23:36},
	priority = {2},
	timestamp = {2017-07-19T15:31:02.000+0200},
	title = {{The perceptron: A probabilistic model for information storage and organization in the brain.}},
	url = {http://dx.doi.org/10.1037/h0042519},
	volume = 65,
	year = 1958
}


@book{minsky69perceptrons,
	address = {Cambridge, MA, USA},
	author = {Minsky, Marvin and Papert, Seymour},
	interhash = {d80d4948a422623047f1b800272c0389},
	publisher = {MIT Press},
	title = {Perceptrons: An Introduction to Computational Geometry},
	year = 1969
}


@article{Xiao_2018,
	title={Generating Adversarial Examples with Adversarial Networks},
	ISBN={9780999241127},
	url={http://dx.doi.org/10.24963/ijcai.2018/543},
	DOI={10.24963/ijcai.2018/543},
	journal={Proceedings of the Twenty-Seventh International Joint Conference on Artificial Intelligence},
	publisher={International Joint Conferences on Artificial Intelligence Organization},
	author={Xiao, Chaowei and Li, Bo and Zhu, Jun-yan and He, Warren and Liu, Mingyan and Song, Dawn},
	year={2018},
	month={Jul}
}

@incollection{NIPS2012_4824,
	author = {Krizhevsky, Alex and Sutskever, Ilya and Hinton, Geoffrey E},
	booktitle = {Advances in Neural Information Processing Systems 25},
	editor = {Pereira, F. and Burges, C. J. C. and Bottou, L. and Weinberger, K. Q.},
	pages = {1097–1105},
	publisher = {Curran Associates, Inc.},
	title = {ImageNet Classification with Deep Convolutional Neural Networks},
	url = {http://papers.nips.cc/paper/4824-imagenet-classification-with-deep-convolutional-neural-networks.pdf},
	year = {2012}
}

@inproceedings{lecun-gradientbased-learning-applied-1998,
	author = {LeCun, Yann and Bottou, Léon and Bengio, Yoshua and Haffner, Patrick},
	biburl = {https://www.bibsonomy.org/bibtex/29aa18bc67d862bdb83b6081e5506f050/mhwombat},
	booktitle = {Proceedings of the IEEE},
	pages = {2278--2324},
	title = {Gradient-Based Learning Applied to Document
	Recognition},
	volume = 86,
	year = 1998
}

@misc{li2017visualizing,
	title={Visualizing the Loss Landscape of Neural Nets},
	author={Hao Li and Zheng Xu and Gavin Taylor and Christoph Studer and Tom Goldstein},
	year={2017},
	eprint={1712.09913},
	archivePrefix={arXiv},
	primaryClass={cs.LG}
}

@book{10.5555/104000,
	author = {Hertz, John and Krogh, Anders and Palmer, Richard G.},
	title = {Introduction to the Theory of Neural Computation},
	year = {1991},
	isbn = {0201503956},
	publisher = {Addison-Wesley Longman Publishing Co., Inc.},
	address = {USA}
}

@misc{sabatelli2018deep,
	title={Deep Quality-Value (DQV) Learning},
	author={Matthia Sabatelli and Gilles Louppe and Pierre Geurts and Marco A. Wiering},
	year={2018},
}
